@misc{subject:taa,
  author        = {Calonge Cano, Teodoro and Alonso GonzáLez, Carlos Javier},
  title         = {{Técnicas de Aprendizaje Autómatico}},
  year          = {2016/17},
  publisher     = {E.T.S. Ingeniería Informática de la Universidad de valladolid}
}

@misc{github:ismtabo-treetograph,
  author        = {Taboada Rodero, Ismael José},
  title         = {{treetograph}},
  howpublished  = { \url{https://github.com/ismtabo/treetograph}},
  year          = 2016
}

@misc{garciparedes:machine-learning-decision-trees-and-rules,
  author        = {García Prado, Sergio},
  title         = {Técnicas de Aprendize Automático: {Árboles de Decisión y Reglas}},
  howpublished  = {\url{https://github.com/garciparedes/machine-learning-decision-trees-and-rules}},
  year          = 2017
}

@misc{garciparedes:python-examples,
  author        = {García Prado, Sergio},
  title         = {{Python Examples}},
  howpublished  = {\url{https://github.com/garciparedes/python-examples}},
  year          = 2017
}

@misc{tool:weka,
  publisher     = {The University of Waikato},
  title         = {{Weka}},
  howpublished  = {\url{http://www.cs.waikato.ac.nz/ml/weka/}},
}

@misc{dataset:soybean,
  title         = {{Soybean Data Set}},
  howpublished  = {\url{http://storm.cis.fordham.edu/~gweiss/data-mining/weka-data/soybean.arff}}
}
@misc{dataset:labor,
  title         = {{Labor Data Set}},
  howpublished  = {\url{http://storm.cis.fordham.edu/~gweiss/data-mining/weka-data/labor.arff}}
}

@misc{dataset:vote,
  title         = {{Vote Data Set}},
  howpublished  = {\url{http://storm.cis.fordham.edu/~gweiss/data-mining/weka-data/vote.arff}}
}
